<?xml version="1.0" encoding="UTF-8"?><collection xmlns="http://www.loc.gov/MARC21/slim"><record><leader>00402nam--2200121-i-4500</leader><controlfield tag="001">000002262</controlfield><controlfield tag="002">20161230</controlfield><controlfield tag="005">20161230201024</controlfield><controlfield tag="008">060222s1000------------r-----000-0-eng-d</controlfield><datafield ind1=" " ind2=" " tag="080"><subfield code="a">537.534.35(016)</subfield></datafield><datafield ind1=" " ind2=" " tag="245"><subfield code="a">Field-ion microscopy and related techniques. a bibliography: 1951-1978. compiled by r.e. thurstans and j.m. walls</subfield></datafield><datafield ind1=" " ind2=" " tag="260"><subfield code="a">Birmingham, Warwick Publishing, 1980. Xiii + 165 P</subfield></datafield><datafield ind1=" " ind2=" " tag="852"><subfield code="a">D.1.391</subfield></datafield></record></collection>